@article{dahl2002mobility,
  author    = {Dahl, Gordon B},
  journal   = {Econometrica},
  title     = {Mobility and the return to education: Testing a Roy model with multiple markets},
  year      = {2002},
  number    = {6},
  pages     = {2367--2420},
  volume    = {70},
  publisher = {The Econometric Society},
}

@article{dickson2011economic,
  title={Economic returns to education: What we know, what we don’t know, and where we are going—some brief pointers},
  author={Dickson, Matt and Harmon, Colm},
  journal={Economics of education review},
  volume={30},
  number={6},
  pages={1118--1122},
  year={2011},
  publisher={Elsevier}
}

@article{elman2004race,
  title={The race is to the swift: Socioeconomic origins, adult education, and wage attainment},
  author={Elman, Cheryl and O’Rand, Angela M},
  journal={American Journal of Sociology},
  volume={110},
  number={1},
  pages={123--160},
  year={2004},
  publisher={The University of Chicago Press}
}

@article{long2010changes,
  title={Changes in the returns to education and college quality},
  author={Long, Mark C},
  journal={Economics of Education review},
  volume={29},
  number={3},
  pages={338--347},
  year={2010},
  publisher={Elsevier}
}

@Manual{IPUMSUSA,
          title = {IPUMS USA: Version 11.0 [dataset]},
         author = {{Steven Ruggles, Sarah Flood, Sophia Foster, Ronald Goeken, Jose Pacas, Megan Schouweiler and Matthew Sobek}},
   organization = {University of Minnesota},
        address = {Minneapolis, MN},
           year = {2021},
            url = {https://www.ipums.org/},
}

@article{rabovsky2018exploring,
  title={Exploring the antecedents of the gender pay gap in US higher education},
  author={Rabovsky, Thomas and Lee, Hongseok},
  journal={Public Administration Review},
  volume={78},
  number={3},
  pages={375--385},
  year={2018},
  publisher={Wiley Online Library}
}

@article{ransom2020selective,
  title={Selective migration, occupational choice, and the wage returns to college majors},
  author={Ransom, Tyler},
  year={2020},
  publisher={IZA Discussion Paper}
}

@Manual{USBureauofLaborStatistics,
          title = {U.S. Bureau of Labor Statistics, Consumer Price Index for All Urban Consumers: Education in U.S. City Average [CUSR0000SAE1]},
         author = {{U.S. Bureau of Labor Statistics}},
   organization = {FRED, Federal Reserve Bank of St. Louis},
        address = {St.Louis,MO},
           year = {2021},
            url = {https://fred.stlouisfed.org/series/CUSR0000SAE1},
}